<?xml version="1.0" encoding="UTF-8"?><collection xmlns="http://www.loc.gov/MARC21/slim"><record><leader>00434nam--2200145-i-4500</leader><controlfield tag="001">000002306</controlfield><controlfield tag="002">20161230</controlfield><controlfield tag="005">20161230201025</controlfield><controlfield tag="008">060222s1000------------r-----000-0-eng-d</controlfield><datafield ind1=" " ind2=" " tag="100"><subfield code="a">Greco, Silvio; Salmon, Paolo</subfield></datafield><datafield ind1=" " ind2=" " tag="245"><subfield code="a">Topics in n-adic topologies</subfield></datafield><datafield ind1=" " ind2=" " tag="260"><subfield code="a">Berlin, Springer-verlag, 1971. Vi + 74 P</subfield></datafield><datafield ind1=" " ind2=" " tag="490"><subfield code="a">Ergebnisse Der Mathematik Und Ihrer Grenzgebiete</subfield><subfield code="v">Band 58</subfield></datafield><datafield ind1=" " ind2=" " tag="852"><subfield code="a">512</subfield><subfield code="c">34443</subfield></datafield><datafield ind1=" " ind2=" " tag="CAT"><subfield code="a">Sys</subfield><subfield code="c">20080508</subfield><subfield code="h">144946</subfield></datafield></record></collection>